@book{BCN,
  title= {Discrete-Event System Simulation},
  author={Banks, Jerry and Carson II, John S. and Nelson, Barry L. and Nicol, David M.},
  year={2014},
  publisher={Pearson},
  edition = {Fifth}
}

@book{KSS,
  title={Simulation with ARENA},
  author={Kelton, W. David and Sadoski, Randall P. and Sturrock, David T.},
  year={2002},
  publisher={McGraw-hill},
  edition = {Fourth}
}

@book{CB,
  title={Simulaci{\'o}n: un enfoque pr{\'a}ctico},
  author={Coss B{\'u}, Ra{\'u}l},
  year={1996},
  publisher={Editorial Limusa}
}

@book{GPC,
  title={Modelado y simulaci{\'o}n Aplicaci{\'o}n a procesos logísticos de fabricación y servicios},
  author={Guash, Antoni and Piera, Miquel {\`A}ngel and Casanovas, Josep and Figueras, Jaume},
  publisher={Ediciones UPC},
  year={2002}
}

@book{LK,
  title={Simulation modeling and analysis},
  author={Law, Averill M.},
  edition={Fifth},
  year={2015},
  publisher={McGraw-Hill}
}

@book{PSD,
  title={Teor{\'i}a de colas y simulaci{\'o}n de eventos discretos},
  author={Pazos Arias, Jos{\'e} Juan and Su{\'a}rez Gonz{\'a}lez, Andr{\'e}s and D{\'i}az Redondo, Rebeca},
  year={2003},
  publisher={Prentice Hall}
}

@book{rossetti,
  title={Simulation modeling and Arena},
  author={Rossetti, Manuel D},
  year={2015},
  publisher={John Wiley \& Sons}
}

@book{dunna,
  title={Simulaci{\'o}n y an{\'a}lisis de sistemas con ProModel},
  author={Dunna, Eduardo Garc{\'\i}a and Reyes, Heriberto Garc{\'\i}a and Barr{\'o}n, Leopoldo Eduardo C{\'a}rdenas},
  year={2013},
  edition={Second},
  publisher={Pearson Educaci{\'o}n}
}

@book{ross,
  title={Simulation},
  author={Ross, Sheldon},
  year={2012},
  edition={Fifth},
  publisher={Academic Press}
}

@inproceedings{robinson,
  title={A tutorial on simulation conceptual modeling},
  author={Robinson, Stewart},
  booktitle={2017 Winter Simulation Conference (WSC)},
  pages={565--579},
  year={2017},
  organization={IEEE}
}

@book{freund,
  title={BPMN 2.0: manual de referencia y gu{\'\i}a pr{\'a}ctica},
  author={Freund, Jakob and R{\"u}cker, Bernd and Hitpass, Bernhard},
  year={2014},
  publisher={BPM Center}
}