@book{BCN,
  title= {Discrete-Event System Simulation},
  author={Banks, Jerry and Carson II, John S. and Nelson, Barry L. and Nicol, David M.},
  year={2014},
  publisher={Pearson},
  edition = {Fifth}
}

@book{KSS,
  title={Simulation with ARENA},
  author={Kelton, W. David and Sadoski, Randall P. and Sturrock, David T.},
  year={2002},
  publisher={McGraw-hill},
  edition = {Fourth}
}

@book{GPC,
  title={Modelado y simulaci{\'o}n Aplicaci{\'o}n a procesos logísticos de fabricación y servicios},
  author={Guash, Antoni and Piera, Miquel {\`A}ngel and Casanovas, Josep and Figueras, Jaume},
  publisher={Ediciones UPC},
  year={2002}
}

@book{LK,
  title={Simulation modeling and analysis},
  author={Law, Averill M.},
  edition={Fifth},
  year={2015},
  publisher={McGraw-Hill}
}